<record><leader>00000cas a22000007a 4500</leader><controlfield tag="001">39723521</controlfield><controlfield tag="008">980820d19651971vauwr ne      0    0eng d</controlfield><datafield ind1=" " ind2=" " tag="010"><subfield code="a">sn 98068073 </subfield></datafield><datafield ind1=" " ind2=" " tag="040"><subfield code="a">NVK</subfield><subfield code="b">eng</subfield><subfield code="c">NVK</subfield><subfield code="d">OCLCQ</subfield><subfield code="d">OCLCF</subfield><subfield code="d">OCLCO</subfield></datafield><datafield ind1="1" ind2=" " tag="029"><subfield code="a">AU@</subfield><subfield code="b">000014122529</subfield></datafield><datafield ind1=" " ind2=" " tag="042"><subfield code="a">msc</subfield></datafield><datafield ind1=" " ind2=" " tag="043"><subfield code="a">n-us-va</subfield></datafield><datafield ind1="0" ind2=" " tag="130"><subfield code="a">Virginia Beach sun (Virginia Beach, Va. : 1965)</subfield></datafield><datafield ind1="1" ind2="0" tag="245"><subfield code="a">Virginia Beach sun.</subfield></datafield><datafield ind1=" " ind2=" " tag="260"><subfield code="a">Virginia Beach, Va. :</subfield><subfield code="b">Beach Pub. Corp.,</subfield><subfield code="c">-1971.</subfield></datafield><datafield ind1=" " ind2=" " tag="310"><subfield code="a">Weekly</subfield></datafield><datafield ind1="1" ind2=" " tag="362"><subfield code="a">Began in Mar. 1965.</subfield></datafield><datafield ind1="0" ind2=" " tag="362"><subfield code="a">-v. 46, no. 48 (Nov. 18, 1971).</subfield></datafield><datafield ind1=" " ind2=" " tag="515"><subfield code="a">Continues numbering of the Virginia Beach Sun-News.</subfield></datafield><datafield ind1=" " ind2=" " tag="588"><subfield code="a">Description based on: Vol. 41, no. 1 (Jan. 6, 1966).</subfield></datafield><datafield ind1=" " ind2="0" tag="651"><subfield code="a">Virginia Beach (Va.)</subfield><subfield code="v">Newspapers.</subfield></datafield><datafield ind1=" " ind2="7" tag="655"><subfield code="a">Newspapers.</subfield><subfield code="2">fast</subfield><subfield code="0">(OCoLC)fst01423814</subfield></datafield><datafield ind1=" " ind2="7" tag="651"><subfield code="a">Virginia</subfield><subfield code="z">Virginia Beach.</subfield><subfield code="2">fast</subfield><subfield code="0">(OCoLC)fst01208712</subfield></datafield><datafield ind1=" " ind2=" " tag="752"><subfield code="a">United States</subfield><subfield code="b">Virginia</subfield><subfield code="d">Virginia Beach.</subfield></datafield><datafield ind1="0" ind2="0" tag="780"><subfield code="t">Virginia Beach sun-news</subfield><subfield code="w">(DLC)sn 98068090</subfield></datafield><datafield ind1="0" ind2="0" tag="785"><subfield code="t">Sun (Virginia Beach, Va.)</subfield><subfield code="w">(DLC)sn 98068282</subfield></datafield></record>